@Misc{ocaml7465,
  author =    {Fran{\c c}ois Pottier},
  title =     {OCaml issue 7465},
  month =     jan,
  year =      2017,
  URL="https://caml.inria.fr/mantis/view.php?id=7465",
}
